@article{pouriahil,
author = {Pouria, Sarhadi},
journal = "International Journal of Dynamics and Control ",
year = {2014},
pages = {},
title = {State of the art: hardware in the loop modeling and simulation with its applications in design, development and implementation of system and control software},
url={https://www.researchgate.net/publication/271948459_State_of_the_art_hardware_in_the_loop_modeling_and_simulation_with_its_applications_in_design_development_and_implementation_of_system_and_control_software}
}
@article{lang,
	author = {Nick Diakopoulous},
	journal = "IEEE SPECTRUM ",
	year = {2020},
	pages = {},
	title = {Interactive: The Top Programming Languages},
	url={https://spectrum.ieee.org/static/interactive-the-top-programming-languages-2020},
}
@article{quanser,
	author = {Astrom, Karl; Herve, Apkarian},
	journal = "USB QICii laboratory Workbook ",
	year = {},
	pages = {265},
	title = {DC Motor Control Trainer (DCMCT)},
	url={file:///C:/Users/user/Downloads/Telegram%20Desktop/Main_manual.pdf}
}

@article{raeemularhil,
	author = {Pouria, Sarhadi},
	journal = "International Journal of Dynamics and Control ",
	year = {2014},
	pages = {},
	title = {State of the art: hardware in the loop modeling and simulation with its applications in design, development and implementation of system and control software},
	url={https://www.researchgate.net/publication/271948459_State_of_the_art_hardware_in_the_loop_modeling_and_simulation_with_its_applications_in_design_development_and_implementation_of_system_and_control_software}
}

@article{raeemular,
	author = {Real Academia Espa\={n}ola},
	journal = "Asociación de Academias de la Lengua Española (ASALE). ",
	year = {2014},
	pages = {},
	title = {Diccionario de la lengua espa\={n}ola},
	url={https://dle.rae.es/emular}
}

@article{larusse,
	author = {Larousse Gran DiccionarioLarousse Gran Diccionario},
	journal = "Gran Diccionario de la Lengua Española. ",
	year = {2016},
	pages = {},
	title = {Gran diccionario de la lengua espa\={n}ola},
	url={https://es.thefreedictionary.com/emulador},
}
@article{simulacion,
	author = {Coss,Ra\'ul},
	journal = "Editorial Limusa ",
	year = {1994},
	pages = {158},
	title = {Simulaci\'on: un enfoque pr\'actico},
	url={https://books.google.co.ve/books?id=iY6dI3E0FNUC&printsec=frontcover&hl=es&source=gbs_atb#v=onepage&q&f=false},
}


@book{jaimehil, 
	author =       "Jaime Villegas", 
	title =        "{$"$Diseño de un sistema de emulación $"$Hardware in the loop$"$ de un controlador de motores de CC$"$}", 
	Publisher =       "Universidad Sim\'on Bol\'ivar", 
	year =         "2019", 
	 
	month =        "junio", 
}
@book{chapman, 
	author =       "Chapman", 
	title =        "{Máquinas eléctricas}", 
	Publisher =       "McGraw-Hill interamericana", 
	year =         "2005", 
	
	month =        "", 
}

@book{alulemahil, 
	author =       "Alulema G, Juan C; Mora N, Nicolás Sebastián", 
	title =        "{$"$Hardware-In The-Loop para el control de los procesos presión, caudal y nivel, mediante el sistema embebido My Rio a realizarse en el Laboratorio de Redes Industriales y Control de Procesos$"$}", 
	Publisher =       "Universidad de las Fuerzas Armadas ESPE", 
	year =         "2018", 	
}
@book{kuo, 
	author =       "Benjamin C. Kuo", 
	title =        "{$"$Sistemas de control autom\'atico$"$}", 
	Publisher = "Prentice Hall", 
	year =   "1996", 
}
@inproceedings{inproceedings02,
	author = {Alam, Md and Jamil},
	year = {2014},
	month = {03},
	pages = {438-442},
	title = {Design and implementation of a RF controlled robotic environmental survey assistant system},
	doi = {10.1109/ICCITechn.2014.6997313}
}

@article{serial,
	author = { Chris Liechti},
	journal = "Python Software Foundation",
	year = {2001-2015},
	pages = {},
	title = {pySerial?s documentation},
	url={https://pythonhosted.org/pyserial/},
}

@article{controlador,
	author = {Carlos Pardo.},
	journal = "Picuino",
	year = {2013-2021},
	pages = {},
	title = {Controlador PID},
	url={https://www.picuino.com/es/arduprog/control-pid.html},
}




@article{Victor,
	author = {Alfaro, Víctor},
	title = {ECUACIONES PARA CONTROLADORES PID UNIVERSALES},
	journal = "Departamento de Automática, Escuela de Ingeniería Eléctrica, Universidad de Costa Rica",
	year = {2002},
	url={https://revistas.ucr.ac.cr/index.php/ingenieria/article/download/6429/6134/#:~:text=Un%20controlador%20PID%20Universal%20tipo,por%20la%20ecuaci%C3%B3n%20(3).}

 }




@article{carrolll1,
   Author = {Carroll, J.E.},
   Title = {{Factorization of Fourier and Laplace transforms as a basis of the fast Fourier transform.}},
   Journal = {International Journal of Electronics},
   Volume = {38},
   Number = {2},
   Pages = {265},
   Abstract = {A mechanistic method of finding the next step in an arbitrarily large fast Fourier transform at an arbitrary stage is outlined. The method starts by writing down two different forms for the discrete Fourier transform of a sampled function and converting one into the other by decomposition using partial fractions. The process demonstrated corresponds to decimation in time. The alternative of decimation in frequency is demonstrated through an analogous procedure using the Laplace transform of a sampled function. It is suggested that the method should help in understanding the organization of a large-scale FFT. [ABSTRACT FROM AUTHOR]
Copyright of International Journal of Electronics is the property
of Taylor & Francis Ltd and its content may not be copied or
emailed to multiple sites or posted to a listserv without the
copyright holder's express written permission. However, users may
print, download, or email articles for individual use. This
abstract may be abridged. No warranty is given about the accuracy
of the copy. Users should refer to the original published version
of the material for the full abstract. (Copyright applies to all
Abstracts)},
 Keywords = {FOURIER transformations
LAPLACE transformation ELECTRONICS},
   Year = {1975} }




@manual{esp1,
	Title={ESP 8266 Technical Reference version 1.3},

	Year={2017},
	Organization={Espressif Systems}
	
}


@Misc{imagencc,
	author = {Jose Ramon Vaello Sancho},
	title = {FORMACI\'ON PARA LA INDUSTRIA 4.0},
	note = {[Internet; accedido el 20-03-2021] Disponible en: \url{https://automatismoindustrial.com/curso-carnet-instalador-baja-tension/motores/1-3-5-motores-de-corriente-continua/constitucion-motor-corriente-continua/}},
	
}